@article{shapley1953value,
title={A value for n-person games},
author={Shapley, L. S.},
journal={Contributions to the Theory of Games},
volume={2},
pages={307--317},
year={1953}
}

@inproceedings{lundberg2017unified,
title={A unified approach to interpreting model predictions},
author={Lundberg, Scott and Lee, Su-In},
booktitle={Advances in neural information processing systems},
volume={30},
pages={4765--4774},
year={2017}
}


@article{neter1996applied,
  title={Applied linear statistical models},
  author={Neter, John and Kutner, Michael H and Nachtsheim, Christopher J and Wasserman, William and others},
  year={1996},
  publisher={Irwin Chicago}
}


@Book{GoodBengCour16,
  Title                    = {Deep Learning},
  Author                   = {Ian J. Goodfellow and Yoshua Bengio and Aaron Courville},
  Publisher                = {MIT Press},
  Year                     = {2016},

  Address                  = {Cambridge, MA, USA},
  Note                     = {\url{http://www.deeplearningbook.org}}
}

@Book{hosmer,
  Title                    = {Applied Logistic Regression},
  Author                   = {David W. Hosmer},
  Publisher                = {John Wiley},
  Year                     = {2013},

}

@book{witte_statistics,
  author    = {Robert S. Witte and John S. Witte},
  title     = {Statistics},
  publisher = {Wiley},
  year      = {2017},
  edition   = {11th},
  address   = {New York},
  isbn      = {978-0471557613},
}

@book{python,
 author = {Van Rossum, Guido and Drake, Fred L.},
 title = {Python 3 Reference Manual},
 year = {2009},
 isbn = {1441412697},
 publisher = {CreateSpace},
 address = {Scotts Valley, CA}
}

@book{izbicki_mendonca2020,
  title={Aprendizado de m\'aquina: uma abordagem estat\'istica},
  author={Izbicki, Rafael and dos Santos, Tiago Mendon{\c{c}}a},
  year={2020},
  isbn={978-65-00-02410-4},
  pagetotal={268}
}

@book{bishop2006pattern,
title={Pattern Recognition and Machine Learning},
author={Bishop, Christopher M.},
year={2006},
publisher={Springer}
}

@book{james2013introduction,
  title={An Introduction to Statistical Learning with Applications in R},
  author={James, Gareth and Witten, Daniela and Hastie, Trevor and Tibshirani, Robert},
  year={2013},
  publisher={Springer},
  address={New York}
}

@book{geron2019hands,
  author    = {Aur√©lien Geron},
  title     = {Hands-On Machine Learning with Scikit-Learn, Keras, and TensorFlow},
  year      = {2019},
  publisher = {O'Reilly Media},
  isbn      = {978-1492032649},
}

@phdthesis{werbos1974beyond,
title={Beyond regression: New tools for prediction and analysis in the behavioral sciences},
author={Werbos, Paul J},
year={1974},
school={Harvard University}
}

@incollection{agresti2002,
  author    = {Agresti, Alan},
  title     = {Summarizing Predictive Power: Classification Tables},
  booktitle = {An Introduction to Categorical Data Analysis},
  year      = {2002},
  edition   = {2},
  publisher = {Wiley},
  chapter   = {5.1.6},
}

@article{curry1944,
  author    = {Curry, Haskell B.},
  title     = {The Method of Steepest Descent for Non-linear Minimization Problems},
  journal   = {Quart. Appl. Math.},
  volume    = {2},
  number    = {3},
  pages     = {258--261},
  year      = {1944},
  doi       = {10.1090/qam/10667},
}

@article{szumilas2010explaining,
  author    = {Szumilas, Magdalena},
  title     = {Explaining Odds Ratios},
  journal   = {Journal of the Canadian Academy of Child and Adolescent Psychiatry},
  volume    = {19},
  number    = {3},
  pages     = {227--229},
  month     = {August},
  year      = {2010},
  issn      = {1719-8429},
  pmc       = {PMC2938757},
  pmid      = {20842279},
}

@online{mitnews_neuralnetworks,
  author    = {Hardesty, Larry},
  title     = {Explained: Neural Networks},
  year      = {2017},
  month     = {April 14},
  howpublished = {\url{http://news.mit.edu/2017/explained-neural-networks-deep-learning-0414}}
}

@book{ai_3rd_edition,
  title     = {Artificial Intelligence},
  edition   = {3rd},
  publisher = {Addison-Wesley Pub. Co.},
  year      = {1992},
  isbn      = {0-201-53377-4},
}

@book{zell_1994,
  author    = {Andreas Zell},
  title     = {Simulation Neuronaler Netze [Simulation of Neural Networks]},
  edition   = {1st},
  publisher = {Addison-Wesley},
  year      = {1994},
  pages     = {73},
  isbn      = {3-89319-554-8},
  language  = {German},
}

@incollection{hart_1989,
  author    = {Sergiu Hart},
  title     = {Shapley Value},
  booktitle = {The New Palgrave: Game Theory},
  editor    = {J. Eatwell and M. Milgate and P. Newman},
  publisher = {Norton},
  year      = {1989},
  pages     = {210--216},
  doi       = {10.1007/978-1-349-20181-5_25},
  isbn      = {978-0-333-49537-7},
}